<?xml version="1.0" encoding="UTF-8"?><record xmlns="http://www.loc.gov/MARC21/slim" xmlns:cinclude="http://apache.org/cocoon/include/1.0" xmlns:zs="http://www.loc.gov/zing/srw/">
  <leader>00511nz  a2200133n  4500</leader>
  <controlfield tag="001">nr 99008813 </controlfield>
  <controlfield tag="003">DLC</controlfield>
  <controlfield tag="005">19990330051427.4</controlfield>
  <controlfield tag="008">990316n| acannaab|          |a ana     c</controlfield>
  <datafield tag="010" ind1=" " ind2=" ">
    <subfield code="a">nr 99008813 </subfield>
  </datafield>
  <datafield tag="040" ind1=" " ind2=" ">
    <subfield code="a">CSt</subfield>
    <subfield code="b">eng</subfield>
    <subfield code="c">CSt</subfield>
  </datafield>
  <datafield tag="110" ind1="2" ind2=" ">
    <subfield code="a">Rossiĭskiĭ fond kulʹtury.</subfield>
    <subfield code="b">Amurskoe otdelenie</subfield>
  </datafield>
  <datafield tag="410" ind1="2" ind2=" ">
    <subfield code="a">Amurskoe otdelenie Rossiĭskogo fonda kulʹtury</subfield>
  </datafield>
  <datafield tag="670" ind1=" " ind2=" ">
    <subfield code="a">Zapiski Amurskogo oblastnogo kraevedcheskogo muzei︠a︡ i Obshchestva kraevedov, Vyp. 7 (1992):</subfield>
    <subfield code="b">t.p. (Amurskoe otdelenie Rossiĭskogo fonda kulʹtury)</subfield>
  </datafield>
</record>